@article{greenwade93,
    author  = "George D. Greenwade",
    title   = "The {C}omprehensive {T}ex {A}rchive {N}etwork ({CTAN})",
    year    = "1993",
    journal = "TUGBoat",
    volume  = "14",
    number  = "3",
    pages   = "342--351"
}
@article{test2,
  author          = {Tony Hoare},
  number          = {},
  title           = {Communicating Sequential Processes},
  year            = {1978}
}